<?xml version="1.0" encoding="UTF-8"?><collection xmlns="http://www.loc.gov/MARC21/slim"><record><leader>00443nam--2200133-i-4500</leader><controlfield tag="001">000012174</controlfield><controlfield tag="002">20161230</controlfield><controlfield tag="005">20161230201029</controlfield><controlfield tag="008">060222s1000------------r-----000-0-eng-d</controlfield><datafield ind1=" " ind2=" " tag="080"><subfield code="a">539.172.5:539.12.162.7(043)</subfield></datafield><datafield ind1=" " ind2=" " tag="100"><subfield code="a">Bernard, Alain</subfield></datafield><datafield ind1=" " ind2=" " tag="245"><subfield code="a">Etude de la production de pions charges dans l es ninteractions k- p a 32 gev/c. these</subfield></datafield><datafield ind1=" " ind2=" " tag="260"><subfield code="a">Paris, L Universite De Paris-sud, Centre D Ors Ay, 1977 44 P. + 29 P.Tablouri</subfield></datafield><datafield ind1=" " ind2=" " tag="852"><subfield code="a">44820</subfield></datafield></record></collection>